@article{Sellke2001,
author = {Thomas Sellke and M. J Bayarri and James O Berger},
title = {Calibration of p Values for Testing Precise Null Hypotheses},
journal = {The American Statistician},
volume = {55},
number = {1},
pages = {62-71},
year  = {2001},
publisher = {Taylor & Francis}
}
